
    <record>
        <leader>-----nam--22--------4500</leader>
        <controlfield tag="001">1</controlfield>
        <controlfield tag="007">ta</controlfield>
        <controlfield tag="008">------s----------------s</controlfield>
        <datafield tag="020" ind1=" " ind2=" ">
            <subfield code="a">9783860042441</subfield>
        </datafield>
        <datafield tag="100" ind1="1" ind2=" ">
            <subfield code="a">Schug, Alexander</subfield>
            <subfield code="4">aut</subfield>
        </datafield>
        <datafield tag="245" ind1="0" ind2="0">
            <subfield code="a">&quot;Deutsche Kultur&quot; und Werbung – Studien zur Geschichte der Wirtschaftswerbung
                von 1918 bis 1945
            </subfield>
        </datafield>
        <datafield tag="856" ind1="4" ind2="1">
            <subfield code="u">http://www.oapen.org/search?identifier=382633</subfield>
        </datafield>
    </record>
</collection>
